@book{group2005data,
  title={Data Structures Using C},
  author={Group, I.},
  isbn={9780070591028},
  series={Ace series},
  url={https://books.google.co.id/books?id=a\_YnrbXyCv8C},
  year={2005},
  publisher={McGraw-Hill Education (India) Pvt Limited}
}
